<?xml version="1.0" encoding="UTF-8"?><collection xmlns="http://www.loc.gov/MARC21/slim"><record><leader>00494nam--2200145-i-4500</leader><controlfield tag="001">000021240</controlfield><controlfield tag="002">20161230</controlfield><controlfield tag="005">20170211155659</controlfield><controlfield tag="008">060222s1000------------r-----000-0-eng-d</controlfield><datafield ind1=" " ind2=" " tag="245"><subfield code="a">Handbook Of Chemistry. A Reference Volume For All Requiring Ready Acces To Chemical And Physical data used in laboratory work and manufacturing</subfield></datafield><datafield ind1=" " ind2=" " tag="260"><subfield code="a">Sandusky, Ohio</subfield><subfield code="b">Handbook Publishers</subfield><subfield code="c">1956</subfield></datafield><datafield ind1=" " ind2=" " tag="300"><subfield code="a">XVI + 1969 p</subfield></datafield><datafield ind1=" " ind2=" " tag="700"><subfield code="a">Lange, Norbert Adolph</subfield></datafield><datafield ind1=" " ind2=" " tag="852"><subfield code="a">12858</subfield></datafield><datafield ind1=" " ind2=" " tag="CAT"><subfield code="a">SYS</subfield><subfield code="c">20170211</subfield><subfield code="h">155659</subfield></datafield></record></collection>